@article{slim,
  title={Slim: Directly mining descriptive patterns},
  author={Smets, Koen and Vreeken, Jilles},
  booktitle={Proceedings of the 2012 SIAM International Conference on Data Mining},
  pages={236--247},
  year={2012},
  organization={SIAM}
}

@article{krimp,
  title={Krimp: mining itemsets that compress},
  author={Vreeken, Jilles and Van Leeuwen, Matthijs and Siebes, Arno},
  journal={Data Mining and Knowledge Discovery},
  volume={23},
  number={1},
  pages={169--214},
  year={2011},
  publisher={Springer}
}

@article{spectra,
  title={Estimating the pattern frequency spectrum inside the browser},
  author={van Leeuwen, Matthijs and Ukkonen, Antti},
  journal={arXiv preprint arXiv:1409.7311},
  year={2014}
}


@electronic{seeingtheory,
 author = {Tyler Devlin, Jingru Guo, Daniel Kunin,  Daniel Xing},
 title = {Seeing Theory; Visited on 16.11.2018; \url{https://seeing-theory.brown.edu/}}
}

@article{learningvis,
  title={Dynamic visualizations and learning: Getting to the difficult questions},
  author={Hegarty, Mary},
  journal={Learning and Instruction},
  volume={14},
  number={3},
  pages={343--351},
  year={2004},
  publisher={Pergamon}
}

@article{healey1996high,
  title={High-speed visual estimation using preattentive processing},
  author={Healey, Christopher G and Booth, Kellogg S and Enns, James T},
  journal={ACM Transactions on Computer-Human Interaction (TOCHI)},
  volume={3},
  number={2},
  pages={107--135},
  year={1996},
  publisher={ACM}
}

@article{wolfe1992parallel,
  title={The parallel guidance of visual attention},
  author={Wolfe, Jeremy M},
  journal={Current Directions in Psychological Science},
  volume={1},
  number={4},
  pages={124--128},
  year={1992},
  publisher={SAGE Publications Sage CA: Los Angeles, CA}
}

@article{janiszewski1993preattentive,
  title={Preattentive mere exposure effects},
  author={Janiszewski, Chris},
  journal={Journal of Consumer Research},
  volume={20},
  number={3},
  pages={376--392},
  year={1993},
  publisher={The University of Chicago Press}
}

@article{treisman1988feature,
  title={Feature analysis in early vision: evidence from search asymmetries.},
  author={Treisman, Anne and Gormican, Stephen},
  journal={Psychological review},
  volume={95},
  number={1},
  pages={15},
  year={1988},
  publisher={American Psychological Association}
}
@inproceedings{de2013subjective,
  title={Subjective interestingness in exploratory data mining},
  author={De Bie, Tijl},
  booktitle={International Symposium on Intelligent Data Analysis},
  pages={19--31},
  year={2013},
  organization={Springer}
}
